@misc{UW-Policy73,
    author = "University of Waterloo",
    title = "{Policy 73: Intellectual Property Rights}",
    year = 2000,
    url = "http://secretariat.uwaterloo.ca/Policies/policy73.htm"
}

@misc{Stallman-not-ipr,
    author = "Richard M. Stallman",
    url = "http://www.gnu.org/philosophy/not-ipr.html",
    title = "{Did You Say `Intellectual Property'? It's a Seductive Mirage}",
    year = 2012,
    note = "First version circa 2004."
}

